% Encoding: UTF-8

@Article{Ni2016,
  author        = {Ming Ni and Tao Li and Qianmu Li and Hong Zhang and Yanfang Ye},
  title         = {FindMal: {A} file-to-file social network based malware detection framework},
  journal       = {Knowl.-Based Syst.},
  year          = {2016},
  volume        = {112},
  pages         = {142--151},
  __markedentry = {[Kimi:]},
  bibsource     = {dblp computer science bibliography, http://dblp.org},
  biburl        = {http://dblp.dagstuhl.de/rec/bib/journals/kbs/NiLLZY16},
  doi           = {10.1016/j.knosys.2016.09.004},
}

@InProceedings{Chen2015,
  author        = {Lingwei Chen and Tao Li and Melih Abdulhayoglu and Yanfang Ye},
  title         = {Intelligent malware detection based on file relation graphs},
  booktitle     = {Proceedings of the 9th {IEEE} International Conference on Semantic Computing, {ICSC} 2015, Anaheim, CA, USA, February 7-9, 2015},
  year          = {2015},
  editor        = {Mohan S. Kankanhalli and Tao Li and Wei Wang},
  pages         = {85--92},
  publisher     = {{IEEE} Computer Society},
  __markedentry = {[Kimi:6]},
  bibsource     = {dblp computer science bibliography, http://dblp.org},
  biburl        = {http://dblp.dagstuhl.de/rec/bib/conf/semco/ChenLAY15},
  doi           = {10.1109/ICOSC.2015.7050784},
}

@InProceedings{Ni2015,
  author        = {Ming Ni and Qianmu Li and Hong Zhang and Tao Li and Jun Hou},
  title         = {File Relation Graph Based Malware Detection Using Label Propagation},
  booktitle     = {Web Information Systems Engineering - {WISE} 2015 - 16th International Conference, Miami, FL, USA, November 1-3, 2015, Proceedings, Part {II}},
  year          = {2015},
  editor        = {Jianyong Wang and Wojciech Cellary and Dingding Wang and Hua Wang and Shu{-}Ching Chen and Tao Li and Yanchun Zhang},
  volume        = {9419},
  series        = {Lecture Notes in Computer Science},
  pages         = {164--176},
  publisher     = {Springer},
  __markedentry = {[Kimi:6]},
  bibsource     = {dblp computer science bibliography, http://dblp.org},
  biburl        = {http://dblp.dagstuhl.de/rec/bib/conf/wise/NiLZLH15},
  doi           = {10.1007/978-3-319-26187-4_12},
}

@InProceedings{Tamersoy2014,
  author        = {Acar Tamersoy and Kevin A. Roundy and Duen Horng Chau},
  title         = {Guilt by association: large scale malware detection by mining file-relation graphs},
  booktitle     = {The 20th {ACM} {SIGKDD} International Conference on Knowledge Discovery and Data Mining, {KDD} '14, New York, NY, {USA} - August 24 - 27, 2014},
  year          = {2014},
  editor        = {Sofus A. Macskassy and Claudia Perlich and Jure Leskovec and Wei Wang and Rayid Ghani},
  pages         = {1524--1533},
  publisher     = {{ACM}},
  __markedentry = {[Kimi:6]},
  bibsource     = {dblp computer science bibliography, http://dblp.org},
  biburl        = {http://dblp.dagstuhl.de/rec/bib/conf/kdd/TamersoyRC14},
  doi           = {10.1145/2623330.2623342},
}

@Comment{jabref-meta: databaseType:bibtex;}
